@Article{	  Bentley1980,
  
  author	= {Bentley, Jon Louis},
  issn		= {0001-0782},
  issue		= {4},
  journal	= {Communications of the ACM},
  pages		= {214 -- 229},
  title		= {Multidimensional divide-and-conquer},
  volume	= {23},
  year		= {1980}
}

@book{Matematicas2004,
    author    = "Claudia Neuhauser",
    title     = "Matemáticas para ciencias",
    publisher = "Person-Prentice Hall",
    edition  = "Segunda",
    year      = "2004",
    isbn = "8420542539",
}

@book{Matematicasaplicadas2005,
    author    = "Erich Steiner",
    title     = "Matemáticas para las ciencias aplicadas",
    publisher = "Reverté",
    year      = "2005",
    isbn = "8429151591",
}

@techreport{AnIntroductionToTheKalmanFilter,
    author    = "Greg Welch",
    title     = "An Introduction to the Kalman Filter",
    institution = "University of North Carolina at Chapel Hill",
    year      = "2001",
}

@mastersthesis{IntroduccionMatematicaKalman,
    author    = "Guillermo Prado Obando",
    title     = "Técnicas recursivas para estimación dinámica Una introducción matemática al filtro de Kalman",
    school    = "Fundación Universitaria Konrad Lorenz",
    year      = "2005",
    month    = "Junio",
}

@article{RamseyArticle,
    author    = "Ramsey Faragher",
    title     = "Understanding the basis of the kalman filter Via simple and intuitive derivation",
    journal   = "IEEE SIGNAL PROCESSING MAGAZINE",
    year      = "2012",
    month    = "Septiembre",
}

@techreport{KalmanEco,
    author    = "Álvaro Solera Ramírez",
    title     = "El filtro de Kalman",
    institution = "Banco central de Costa Rica",
    year      = "2003",
    month    = "Julio",

}


@book{thrun_probabilistic_2005,
	address = {Cambridge, Mass},
	title = {Probabilistic {Robotics}},
	isbn = {9780262201629},
	abstract = {Probabilistic robotics is a new and growing area in robotics, concerned with perception and control in the face of uncertainty. Building on the field of mathematical statistics, probabilistic robotics endows robots with a new level of robustness in real-world situations. This book introduces the reader to a wealth of techniques and algorithms in the field. All algorithms are based on a single overarching mathematical foundation. Each chapter provides example implementations in pseudo code, detailed mathematical derivations, discussions from a practitioner's perspective, and extensive lists of exercises and class projects. The book's Web site, www.probabilistic-robotics.org, has additional material. The book is relevant for anyone involved in robotic software development and scientific research. It will also be of interest to applied statisticians and engineers dealing with real-world sensor data.},
	language = {Inglés},
	publisher = {Mit},
	author = {Thrun, Sebastian and Burgard, Wolfram and Fox, Dieter},
	month = oct,
	year = {2005}
}

@book{capek_r.u.r._2004,
	address = {London ; New York},
	edition = {Rossum's Universal Robots edition},
	title = {R.{U}.{R}.},
	isbn = {9780141182087},
	abstract = {A visionary work of science fiction that introduced the word "robot"Written in 1920, premiered in Prague in 1921, and first performed in New York in 1922—garnered worldwide acclaim for its author and popularized the word robot. Mass-produced as efficient laborers to serve man, Capek’s Robots are an android product—they remember everything but think of nothing new. But the Utopian life they provide ultimately lacks meaning, and the humans they serve stop reproducing. When the Robots revolt, killing all but one of their masters, they must strain to learn the secret of self-duplication. It is not until two Robots fall in love and are christened “Adam” and “Eve” by the last surviving human that Nature emerges triumphant.For more than seventy years, Penguin has been the leading publisher of classic literature in the English-speaking world. With more than 1,700 titles, Penguin Classics represents a global bookshelf of the best works throughout history and across genres and disciplines. Readers trust the series to provide authoritative texts enhanced by introductions and notes by distinguished scholars and contemporary authors, as well as up-to-date translations by award-winning translators.},
	language = {English},
	publisher = {Penguin Classics},
	author = {Capek, Karel},
	translator = {Novack-Jones, Claudia},
	month = mar,
	year = {1921}
}


@misc{tres_2016,
	title = {Tres leyes de la robótica},
	copyright = {Creative Commons Attribution-ShareAlike License},
	url = {https://es.wikipedia.org/w/index.php?title=Tres_leyes_de_la_rob%C3%B3tica&oldid=90677580},
	abstract = {En ciencia ficción las tres leyes de la robótica son un conjunto de normas escritas por Isaac Asimov, que la mayoría de los robots de sus novelas y cuentos están diseñados para cumplir. En ese universo, las leyes son "formulaciones matemáticas impresas en los senderos positrónicos del cerebro" de los robots (líneas de código del programa que regula el cumplimiento de las leyes guardado en la memoria principal del mismo). Aparecidas por primera vez en el relato Runaround (1942), establecen lo siguiente:
Un robot no hará daño a un ser humano o, por inacción, permitir que un ser humano sufra daño.
Un robot debe obedecer las órdenes dadas por los seres humanos, excepto si estas órdenes entrasen en conflicto con la 1ª Ley.
Un robot debe proteger su propia existencia en la medida en que esta protección no entre en conflicto con la 1ª o la 2ª Ley.
Esta redacción de las leyes es la forma convencional en la que los humanos de las historias las enuncian; su forma real sería la de una serie de instrucciones equivalentes y mucho más complejas en el cerebro del robot.
Asimov atribuye las tres Leyes a John W. Campbell, que las habría redactado durante una conversación sostenida el 23 de diciembre de 1940. Sin embargo, Campbell sostiene que Asimov ya las tenía pensadas, y que simplemente las expresaron entre los dos de una manera más formal.
Las tres leyes aparecen en un gran número de historias de Asimov, ya que aparecen en toda su serie de los robots, así como en varias historias relacionadas, y la serie de novelas protagonizadas por Lucky Starr. También han sido utilizadas por otros autores cuando han trabajado en el universo de ficción de Asimov, y son frecuentes las referencias a ellas en otras obras, tanto de ciencia ficción como de otros géneros.},
	language = {es},
	urldate = {2016-05-07TZ},
	journal = {Wikipedia, la enciclopedia libre},
	month = apr,
	year = {2016},
	note = {Page Version ID: 90677580}
}

@misc{proceso_2014_markov,
	title = {Proceso de {Márkov}},
	copyright = {Creative Commons Attribution-ShareAlike License},
	url = {https://es.wikipedia.org/w/index.php?title=Proceso_de_M%C3%A1rkov&oldid=78688782},
	language = {es},
	urldate = {2016-05-20TZ},
	journal = {Wikipedia, la enciclopedia libre},
	month = dec,
	year = {2014},
	note = {Page Version ID: 78688782}
}
@book{asimov_yo_2004,
	title = {Yo, {Robot}},
	isbn = {9788435020848},
	abstract = {Una investigación llevada a cabo por un periodista acerca de la trayectoria de la robopsicóloga Susan Calvin da pie a los nueve relatos que componen esta novela. Las tres leyes de la robótica, a las que en obras posteriores Asimov añadiría alguna más, constituyen las normals que rigen el comportamiento en los diferentes conflictos que se presentan entre humanos y robots. Si bien admiten una lectura independiente, la modernidad y éxito de este libro se explica por la audacia en la composición y por la aplastante lógica en las reflexiones que aparecen acerca de la robótica. "Yo ,robot" es uno de los pocos títulos de ciencia ficción que han superado con amplitud el círculo de lectores especialmente aficionados, entre los que a menudo se considera una obra cumbre. Su influencia y la de las tres leyes de la robótica en ella enunciadas es muy notable en las novelas aparecidas posteriormente acerca de robótica, y eso mismo es lo que explica que se haya tomado como base para la película que se estrena a finales de julio 2004 dirigida por Alex Proyas y protagonizada por Will Smith.Isaac Asimov (19201992), conocido también como el Buen Doctor, es junto Robert Heinlen y Arthur C. Clarke uno de los res grandes maestros de la ciencia ficción y a lo largo de la vida fue investido doctor honoris causa por veinte universidades, además de obtener todos los premios importantes del género (Locus, Nebula, Hugos, etc...).},
	language = {es},
	publisher = {Edhasa},
	author = {Asimov, Isaac},
	month = may,
	year = {2004},
	keywords = {Fiction / Science Fiction / General, Literary Criticism / European / English, Irish, Scottish, Welsh}
}

@misc{toolbox_simo,
	title = {{BECS} / {Research} / {Bayesian} {Statistical} {Methods} / {Downloads} / {EKF}/{UKF} {Toolbox} for {Matlab}},
	url = {http://becs.aalto.fi/en/research/bayes/ekfukf/},
	urldate = {2016-05-28}
}

@misc{markov_prop,
	title = {Markov process {\textbar} mathematics {\textbar} {Britannica}.com},
	url = {http://global.britannica.com/topic/Markov-process},
	urldate = {2016-05-28},
	file = {Markov process | mathematics | Britannica.com:/home/ivan/.mozilla/firefox/4tohvyyx.default/zotero/storage/R7G33BFQ/Markov-process.html:text/html}
}


@misc{_taylor_2016,
	title = {Taylor series},
	copyright = {Creative Commons Attribution-ShareAlike License},
	url = {https://en.wikipedia.org/w/index.php?title=Taylor_series&oldid=722150864},
	abstract = {In mathematics, a Taylor series is a representation of a function as an infinite sum of terms that are calculated from the values of the function's derivatives at a single point.
The concept of a Taylor series was formulated by the Scottish mathematician James Gregory and formally introduced by the English mathematician Brook Taylor in 1715. If the Taylor series is centered at zero, then that series is also called a Maclaurin series, named after the Scottish mathematician Colin Maclaurin, who made extensive use of this special case of Taylor series in the 18th century.
A function can be approximated by using a finite number of terms of its Taylor series. Taylor's theorem gives quantitative estimates on the error introduced by the use of such an approximation. The polynomial formed by taking some initial terms of the Taylor series is called a Taylor polynomial. The Taylor series of a function is the limit of that function's Taylor polynomials as the degree increases, provided that the limit exists. A function may not be equal to its Taylor series, even if its Taylor series converges at every point. A function that is equal to its Taylor series in an open interval (or a disc in the complex plane) is known as an analytic function in that interval.},
	language = {en},
	urldate = {2016-05-29TZ},
	journal = {Wikipedia, the free encyclopedia},
	month = may,
	year = {2016},
	note = {Page Version ID: 722150864}
}

@phdthesis{leonardo_navegacion_2011,
	address = {Valencia},
	type = {Tesina del máster},
	title = {Navegación de un robot móvil de configuración diferencial basada en fusión sensorial},
	language = {Español},
	school = {Universidad politénica de Valencia},
	author = {Leonardo, Marín Paniagua},
	year = {2011}
}

@article{julier_new_2000,
	title = {A new method for the nonlinear transformation of means and covariances in filters and estimators},
	volume = {45},
	issn = {0018-9286},
	doi = {10.1109/9.847726},
	abstract = {This paper describes a new approach for generalizing the Kalman filter to nonlinear systems. A set of samples are used to parametrize the mean and covariance of a (not necessarily Gaussian) probability distribution. The method yields a filter that is more accurate than an extended Kalman filter (EKF) and easier to implement than an EKF or a Gauss second-order filter. Its effectiveness is demonstrated using an example},
	number = {3},
	journal = {IEEE Transactions on Automatic Control},
	author = {Julier, S. and Uhlmann, J. and Durrant-Whyte, H. F.},
	month = mar,
	year = {2000},
	keywords = {Additive noise, Covariance matrix, Filtering, Gaussian processes, Kalman filter, Missiles, Mobile robots, Nonlinear filters, Nonlinear systems, Probability distribution, State estimation, covariance matrices, covariance matrix, discrete time systems, error analysis, error estimation, estimation theory, filtering theory, missile guidance, missile tracking, mobile robots, nonlinear filters, nonlinear systems, probability, probability distribution, state estimation},
	pages = {477--482}
}

@techreport{julier_general_1996,
	title = {A {General} {Method} for {Approximating} {Nonlinear} {Transformations} of {Probability} {Distributions}},
	abstract = {In this paper we describe a new approach for generalised nonlinear filtering. We show that the technique is more accurate, more stable, and far easier to implement than an extended Kalman filter. Several examples are provided, including the application of the new filter to problems involving discontinuous functions. 1 Introduction  Possibly the most important problem arising in tracking and control applications is the representation and maintenance of uncertainty. The state of a system, whether measured or estimated, is rarely known perfectly because (a) measuring instruments and processes have limited precision, and/or (b) estimates of evolving systems are based on process models that fail to include all governing parameters. The uncertainty associated with a state estimate can be represented most generally by a probability distribution incorporating all knowledge about the state. Because the amount of knowledge about the state is inherently finite, a complete parameterisation of the ...},
	author = {Julier, Simon and Uhlmann, Jeffrey K.},
	year = {1996}
}

@inproceedings{julier_new_1995,
	title = {A new approach for filtering nonlinear systems},
	volume = {3},
	doi = {10.1109/ACC.1995.529783},
	abstract = {In this paper we describe a new recursive linear estimator for filtering systems with nonlinear process and observation models. This method uses a new parameterisation of the mean and covariance which can be transformed directly by the system equations to give predictions of the transformed mean and covariance. We show that this technique is more accurate and far easier to implement than an extended Kalman filter. Specifically, we present empirical results for the application of the new filter to the highly nonlinear kinematics of maneuvering vehicles},
	booktitle = {American {Control} {Conference}, {Proceedings} of the 1995},
	author = {Julier, S. J. and Uhlmann, J. K. and Durrant-Whyte, H. F.},
	month = jun,
	year = {1995},
	keywords = {Additive noise, Filtering, Nonlinear dynamical systems, Nonlinear equations, Nonlinear filters, Nonlinear systems, Sensor fusion, Sensor systems, State estimation, Vehicle dynamics, covariance parameterisation, filtering theory, highly nonlinear kinematics, maneuvering vehicles, mean parameterisation, nonlinear filters, nonlinear observation models, nonlinear process models, nonlinear system filtering, recursive estimation, recursive filters, recursive linear estimator},
	pages = {1628--1632 vol.3}
}


@article{julier_unscented_2004,
	title = {Unscented filtering and nonlinear estimation},
	volume = {92},
	issn = {0018-9219},
	doi = {10.1109/JPROC.2003.823141},
	abstract = {The extended Kalman filter (EKF) is probably the most widely used estimation algorithm for nonlinear systems. However, more than 35 years of experience in the estimation community has shown that is difficult to implement, difficult to tune, and only reliable for systems that are almost linear on the time scale of the updates. Many of these difficulties arise from its use of linearization. To overcome this limitation, the unscented transformation (UT) was developed as a method to propagate mean and covariance information through nonlinear transformations. It is more accurate, easier to implement, and uses the same order of calculations as linearization. This paper reviews the motivation, development, use, and implications of the UT.},
	number = {3},
	journal = {Proceedings of the IEEE},
	author = {Julier, S. J. and Uhlmann, J. K.},
	month = mar,
	year = {2004},
	keywords = {Chemical processes, Control systems, EKF, Filtering, Kalman filters, Navigation, Nonlinear control systems, Nonlinear systems, Particle tracking, Target tracking, Vehicles, covariance analysis, extended Kalman filter, filtering theory, nonlinear estimation, nonlinear filters, nonlinear systems, nonlinear transformations, unscented filtering, unscented transformation},
	pages = {401--422}
}


@inproceedings{wan_unscented_2000,
	title = {The unscented {Kalman} filter for nonlinear estimation},
	doi = {10.1109/ASSPCC.2000.882463},
	abstract = {This paper points out the flaws in using the extended Kalman filter (EKE) and introduces an improvement, the unscented Kalman filter (UKF), proposed by Julier and Uhlman (1997). A central and vital operation performed in the Kalman filter is the propagation of a Gaussian random variable (GRV) through the system dynamics. In the EKF the state distribution is approximated by a GRV, which is then propagated analytically through the first-order linearization of the nonlinear system. This can introduce large errors in the true posterior mean and covariance of the transformed GRV, which may lead to sub-optimal performance and sometimes divergence of the filter. The UKF addresses this problem by using a deterministic sampling approach. The state distribution is again approximated by a GRV, but is now represented using a minimal set of carefully chosen sample points. These sample points completely capture the true mean and covariance of the GRV, and when propagated through the true nonlinear system, captures the posterior mean and covariance accurately to the 3rd order (Taylor series expansion) for any nonlinearity. The EKF in contrast, only achieves first-order accuracy. Remarkably, the computational complexity of the UKF is the same order as that of the EKF. Julier and Uhlman demonstrated the substantial performance gains of the UKF in the context of state-estimation for nonlinear control. Machine learning problems were not considered. We extend the use of the UKF to a broader class of nonlinear estimation problems, including nonlinear system identification, training of neural networks, and dual estimation problems. In this paper, the algorithms are further developed and illustrated with a number of additional examples},
	booktitle = {Adaptive {Systems} for {Signal} {Processing}, {Communications}, and {Control} {Symposium} 2000. {AS}-{SPCC}. {The} {IEEE} 2000},
	author = {Wan, E. A. and Merwe, R. Van Der},
	year = {2000},
	keywords = {Computational complexity, Filters, Gaussian random variable, Machine learning, Neural networks, Nonlinear dynamical systems, Nonlinear systems, Performance gain, Random variables, Sampling methods, Taylor series, adaptive Kalman filters, computational complexity, covariance, covariance analysis, deterministic sampling approach, dual estimation problems, extended Kalman filter, filtering theory, learning (artificial intelligence), machine learning, neural networks training, nonlinear control, nonlinear estimation, nonlinear system, nonlinear system identification, nonlinear systems, parameter estimation, posterior mean, sample points, state distribution, state estimation, state-estimation, system dynamics, unscented Kalman filter},
	pages = {153--158}
}

@misc{_leyton_2009,
	title = {Leyton {V}., {Hernando} - {Desarrollo}, implementación y prueba de un filtro de {Kalman} del tipo {UKF} para un vehículo aéreo no tripulado},
	url = {http://biblioteca.versila.com/},
	abstract = {En este trabajo se presenta el desarrollo matemático, diseño, implementación en Matlab/Simulink y análisis de una versión del filtro de Kalman denominada Filtro de Kalman “Unscented” (UKF), para la estimación óptima y en tiempo real (Chow et al., 2007) de las variables de estado de interés (posición, velocidad y actitud) de un mini-helicóptero robot a partir de las medidas ruidosas indirectas que de él se conocen (posición y velocidad a partir del GPS y rumbo dado por un magnetómetro). El trabajo hace parte del Proyecto Colibrí (2009) del grupo de investigación},
	urldate = {2016-05-30TZ},
	journal = {Biblioteca Digital Vérsila},
	year = {2009}
}

@inproceedings{houshangi_accurate_2005,
	title = {Accurate mobile robot position determination using unscented {Kalman} filter},
	doi = {10.1109/CCECE.2005.1557061},
	abstract = {The objective is to accurately determine mobile robots position and orientation by integrating information received from odometry and an inertial sensor. The position and orientation provided by odometry are subject to different types of errors. To improve the odometry, a fiber optic gyroscope is used to give the orientation information that is more reliable. The information from odometry and gyroscope are integrated using unscented Kalman filter (UKF). The position and orientation determined using the UKF is compared with the results from the extended Kalman filter (EKF)},
	booktitle = {Canadian {Conference} on {Electrical} and {Computer} {Engineering}, 2005.},
	author = {Houshangi, N. and Azizi, F.},
	month = may,
	year = {2005},
	keywords = {Accelerometers, Computer errors, Error correction, Gyroscopes, Inertial navigation, Kalman filters, Mobile robots, Optical fibers, Robot sensing systems, Testing, Wheels, extended Kalman filter, fiber optic gyroscope, fibre optic gyroscopes, inertial navigation, inertial sensor, mobile robot position determination, mobile robots, odometry, path planning, unscented Kalman filter},
	pages = {846--851}
}


@article{chow_unscented_2007,
	title = {An {Unscented} {Kalman} {Filter} {Approach} to the {Estimation} of {Nonlinear} {Dynamical} {Systems} {Models}},
	volume = {42},
	issn = {0027-3171},
	url = {http://dx.doi.org/10.1080/00273170701360423},
	doi = {10.1080/00273170701360423},
	abstract = {In the past several decades, methodologies used to estimate nonlinear relationships among latent variables have been developed almost exclusively to fit cross-sectional models. We present a relatively new estimation approach, the unscented Kalman filter (UKF), and illustrate its potential as a tool for fitting nonlinear dynamic models in two ways: (1) as a building block for approximating the log–likelihood of nonlinear state–space models and (2) to fit time-varying dynamic models wherein parameters are represented and estimated online as other latent variables. Furthermore, the substantive utility of the UKF is demonstrated using simulated examples of (1) the classical predator-prey model with time series and multiple–subject data, (2) the chaotic Lorenz system and (3) an empirical example of dyadic interaction.},
	number = {2},
	urldate = {2016-05-30TZ},
	journal = {Multivariate Behavioral Research},
	author = {Chow, Sy-Miin and Ferrer, Emilio and Nesselroade, John R.},
	month = jun,
	year = {2007},
	pmid = {26765489},
	pages = {283--321}
}


@incollection{oh_development_2006,
	title = {Development of {UAV} {Navigation} {System} {Based} on {Unscented} {Kalman} {Filter}},
	url = {http://arc.aiaa.org/doi/abs/10.2514/6.2006-6351},
	urldate = {2016-05-30TZ},
	booktitle = {{AIAA} {Guidance}, {Navigation}, and {Control} {Conference} and {Exhibit}},
	publisher = {American Institute of Aeronautics and Astronautics},
	author = {Oh, Seung-Min and Johnson, Eric},
	year = {2006}
}

@article{luigi_d&39;alfonso_mobile_2015,
	title = {Mobile robot localization via {EKF} and {UKF}: {A} comparison based on real data},
	volume = {74},
	issn = {0921-8890},
	shorttitle = {Mobile robot localization via {EKF} and {UKF}},
	doi = {10.1016/j.robot.2015.07.007},
	journal = {Robotics and Autonomous Systems},
	author = {Luigi D\&\#39;Alfonso, Walter Lucia},
	year = {2015}
}

@inproceedings{zhou_ukf_2007,
	title = {{UKF} based estimation and tracking control of nonholonomic mobile robots with slipping},
	doi = {10.1109/ROBIO.2007.4522485},
	abstract = {A kinematic model of tracked vehicles is established in this paper, in which both longitudinal and lateral slipping is considered and processed as three time-varying parameters. Unscented Kalman filter is then introduced to real time estimate the pose and slipping parameters jointly. A stable tracking control law for this nonholonomic system is proposed and the asymptotic stability is guaranteed by Lyapunov theory. Simulation results show the efficiency and robustness of the proposed method.},
	booktitle = {{IEEE} {International} {Conference} on {Robotics} and {Biomimetics}, 2007. {ROBIO} 2007},
	author = {Zhou, Bo and Peng, Yan and Han, Jianda},
	month = dec,
	year = {2007},
	keywords = {Asymptotic stability, Biomimetics, Control systems, Kalman filters, Kinematics, Laboratories, Lyapunov methods, Lyapunov theory, Mobile robots, Nonholonomic mobile robot, Nonlinear estimation, Remotely operated vehicles, Robotics and automation, Robustness, Tracking control, Unscented Kalman filter, Vehicle dynamics, asymptotic stability, kinematic model, longitudinal-lateral slipping, mobile robots, nonholonomic mobile robots, parameter estimation, pose estimation, robot kinematics, simulation, stable tracking control law, time-varying parameter estimation, time-varying systems, tracking, unscented Kalman filter},
	pages = {2058--2063}
}


@misc{_cubature-based_2010,
	title = {Cubature-based {Kalman} filters for positioning ({PDF}) - {Semantic} {Scholar}},
	url = {https://www.semanticscholar.org/paper/Cubature-based-Kalman-filters-for-positioning-Pesonen-Pich%C3%A9/72ff4a0e1a81b4ead7cf54222cddb44e9d31ede0/pdf},
	abstract = {—We review a family of nonlinear filtering methods that includes unscented filters and cubature Kalman filters. These methods approximate the integrals occurring in the Bayesian formulation of the filtering problem by a sum of weighted integrand evaluations calculated at prescribed nodes. In addition to methods from the literature we introduce a new spherical-radial integration rule based filter. The filters are compared using an extensive set of positioning benchmarks including real and simulated data from GPS and mobile phone base stations. It is found that in tested scenarios no particular filter in this family is clearly superior.},
	urldate = {2016-05-31TZ},
	year = {2010}
}


@article{ienkaran_cubature_2009,
	title = {Cubature {Kalman} {Filters}},
	url = {http://soma.mcmaster.ca/papers/ckf_2009.pdf},
	language = {English},
	journal = {IEEE},
	author = {Ienkaran, Arasaratnam and Simon, Haykin},
	year = {2009}
}


@article{zhang_cubature_2013,
	title = {Cubature {Kalman} filters: {Derivation} and extension},
	volume = {22},
	issn = {1674-1056},
	shorttitle = {Cubature {Kalman} filters},
	url = {http://stacks.iop.org/1674-1056/22/i=12/a=128401?key=crossref.3e1bc517bb7beba903a784ba7c433528},
	doi = {10.1088/1674-1056/22/12/128401},
	number = {12},
	urldate = {2016-05-31TZ},
	journal = {Chinese Physics B},
	author = {Zhang, Xin-Chun and Guo, Cheng-Jun},
	month = dec,
	year = {2013},
	pages = {128401}
}

@misc{_blender_2016,
	title = {Blender},
	copyright = {Creative Commons Attribution-ShareAlike License},
	url = {https://es.wikipedia.org/w/index.php?title=Blender&oldid=90736659},
	abstract = {Blender es un programa informático multi plataforma, dedicado especialmente al modelado, iluminación, renderizado, animación y creación de gráficos tridimensionales. También de composición digital utilizando la técnica procesal de nodos, edición de vídeo, escultura (incluye topología dinámica) y pintura digital. En Blender, además, se puede desarrollar vídeo juegos ya que posee un motor de juegos interno.
El programa fue inicialmente distribuido de forma gratuita pero sin el código fuente, con un manual disponible para la venta, aunque posteriormente pasó a ser software libre. Actualmente es compatible con todas las versiones de Windows, Mac OS X, GNU/Linux (Incluyendo Android), Solaris, FreeBSD e IRIX.},
	language = {es},
	urldate = {2016-06-01TZ},
	journal = {Wikipedia, la enciclopedia libre},
	month = apr,
	year = {2016},
	note = {Page Version ID: 90736659}
}

@misc{_v-rep._2016,
	title = {V-{REP}. {Virtual} robot experimentation platform},
	shorttitle = {V-{REP}},
	url = {http://www.coppeliarobotics.com/},
	language = {English},
	journal = {Coppelia Robotics},
	year = {2016}
}

@misc{_pioneer_2016,
	title = {Pioneer {P}3-{DX}},
	url = {http://www.mobilerobots.com/ResearchRobots/PioneerP3DX.aspx},
	language = {English},
	journal = {Adept Mobile Robots},
	year = {2016}
}

@misc{_ros.org_2016,
	title = {{ROS}.org {\textbar} {Powering} the world's robots},
	url = {http://www.ros.org/},
	urldate = {2016-06-02TZ}
}

@misc{_tfg_repo,
	title = {Repositorio software con el framework experimental desarrollado},
    url = {https://github.com/ull-isaatc/ssbayes/},
    urldate = {2016-06-15TZ}
}